@article{TableFootballHistory,
	note   = "\url{https://www.bilard.pl/Historia-futbolu-stolowego-news-pol-1427272740.html}",
	title = "Historia futbolu stołowego",
	year = "2015",
}

@manual{JavaScriptBasics,
	note   = "\url{https://developer.mozilla.org/pl/docs/Learn/Getting_started_with_the_web/JavaScript_basics}",
	title = "JavaScript Podstawy",
	year = "2020",
}

@techreport{StackOverflowSurvey,
  note        = "\url{https://insights.stackoverflow.com/survey/2020}",
  author      = {StackOverflow},
  title       = {Ankieta Developerów},
  year        = {2020},
}

@manual{YarnLinkDocs,
  note        = "\url{https://classic.yarnpkg.com/en/docs/cli/link}",
  title        = {Dokumentacja yarn link},
  author       = {Yarn}
}

@manual{YarnWorkspacesDocs,
  note        = "\url{https://classic.yarnpkg.com/en/docs/workspaces}",
  title        = {Dokumentacja workspaces},
  author       = {Yarn}
}

@manual{GitSubmodulesDocs,
  note        = "\url{https://git-scm.com/book/en/v2/Git-Tools-Submodules}",
  title        = {Dokumentacja submodules},
  author       = {Git}
}

@manual{NVMDocs,
  note         = "\url{https://github.com/nvm-sh/nvm/blob/master/README.md}",
  title        = {Dokumentacja Menadżera wersji Node},
  author       = {Tim Caswell and Jordan Harband}
}

@manual{GitHooksDocs,
  note         = "\url{https://git-scm.com/docs/githooks}",
  title        = {Dokumentacja githooks},
  author       = {Git}
}

@misc{GithubWiki,
  note         = "\url{https://pl.wikipedia.org/wiki/GitHub}",
  title        = {Github},
}

@manual{ExpressDocs,
  note         = "\url{https://developer.mozilla.org/pl/docs/Learn/Server-side/Express_Nodejs/Introduction}",
  title        = {Wstęp do Express i Nodejs},
}

@manual{FeathersDocs,
  note         = "\url{https://docs.feathersjs.com/}",
  title        = {Dokumentacja Feathers.js},
}

@manual{HTMLDocs,
  note         = "\url{https://developer.mozilla.org/pl/docs/Web/HTML}",
  title        = {Dokumentacja HTML},
}

@manual{RaspCronDocs,
  note         = "\url{https://www.raspberrypi.org/documentation/linux/usage/cron.md}",
  title        = {Dokumentacja 'Cron'},
  author       = {RaspberryPi},
}

